% This file was created with JabRef 2.9b2.
% Encoding: ISO8859_1

@inproceedings{baarslag2016survey,
  title={A Survey of Opponent Modeling Techniques in Automated Negotiation},
  author={Baarslag, Tim and Hendrikx, Mark JC and Hindriks, Koen V and Jonker, Catholijn M},
  booktitle={Proceedings of the 2016 International Conference on Autonomous Agents \& Multiagent Systems},
  pages={575--576},
  year={2016},
  organization={International Foundation for Autonomous Agents and Multiagent Systems}
}

@book{fletcher2002blackwell,
  title={Blackwell handbook of social psychology: Interpersonal processes},
  author={Fletcher, Garth JO and Clark, Margaret S},
  year={2002},
  publisher={John Wiley \& Sons}
}

@inproceedings{Jennings2000paper,
  title={Automated Negotiation: Prospects, Methods and Challenges},
  author={N. R. Jennings, P. Faratin, A. R. Lomuscio},
  booktitle={Int Journal of Group Decision and Negotiation},
  year={2000},
}

@inproceedings{baarslag2014proefschrift,
  title={What to Bid and when to Stop},
  author={Baarslag, Tim and Hindriks, Koen V and Jonker, Catholijn M},
  year={2014},
  organization={Delft University of Technology}
}

@article{baarslag2015learning,
  title={Learning about the opponent in automated bilateral negotiation: a comprehensive survey of opponent modeling techniques},
  author={Baarslag, Tim and Hendrikx, Mark JC and Hindriks, Koen V and Jonker, Catholijn M},
  journal={Autonomous Agents and Multi-Agent Systems},
  pages={1--50},
  year={2015},
  publisher={Springer}
}

@online{Web1,
  author = {Wikipedia LLC},
  title = {Pendulum},
  year = 2002,
  url = {https://en.wikipedia.org/wiki/Pendulum},
  urldate = {2017-09-30}
}

@mastersthesis{gesture,
author={谢良才},
title={ 基于领域自适应的WIFI手势识别的研究与实现 },
school={东南大学},
year={2021},
type={硕士论文},
month={},
}

@article{core,
author = {Y. Zhang and Y. Zheng and K. Qian and G. Zhang and Y. Liu and C. Wu and Z. Yang},
journal = {IEEE Transactions on Pattern Analysis \&amp; Machine Intelligence},
title = {Widar3.0: Zero-Effort Cross-Domain Gesture Recognition with Wi-Fi},
year = {5555},
volume = {},
number = {01},
issn = {1939-3539},
pages = {1-1},
keywords = {feature extraction;wireless fidelity;gesture recognition;wireless sensor networks;wireless communication;sensors;training},
doi = {10.1109/TPAMI.2021.3105387},
publisher = {IEEE Computer Society},
address = {Los Alamitos, CA, USA},
month = {aug}
}

@mastersthesis{gesture2,  
author={刘佳慧}, 
title={基于WiFi的手势识别系统设计与实现}, 
school={合肥工业大学}, 
year={2019}, 
type={硕士论文}, 
month={}, 
}